@inproceedings{threeTypeOfFakes2015,
    author = {Rubin, Victoria and Chen, Yimin and Conroy, Nadia},
    year = {2015}, 
    month = {11},
    pages = {},
    title = {Deception Detection for News: Three Types of Fakes}
}
@unpublished{Eurobarometer4642018,
    author = {{European Commission}},
    title  = {Fake news and disinformation online},
    note   = {Dostęp zdalny (06.01.2020): \url{https://ec.europa.eu/commfrontoffice/publicopinion/index.cfm/Survey/getSurveyDetail/instruments/FLASH/surveyKy/2183}},
    year   = {2018},
    publisher={European Commission}
}
@article{rieh2014credibility,
  title={Credibility assessment of online information in context},
  author={Rieh, Soo Young},
  journal={Journal of information science theory and practice},
  volume={2},
  number={3},
  pages={6--17},
  year={2014},
  publisher={Korea Institute of Science and Technology Information}
}
@unpublished{PewNewsUse2018,
    author = {Shearer, Elisa and Matsa, Katerina Eva},
    title  = {News Use Across Social Media Platforms 2018},
    note   = {Dostęp zdalny (20.09.2020): \url{https://www.journalism.org/2018/09/10/news-use-across-social-media-platforms-2018}},
    year   = {2018},
    month = {09},
    day = {10},
    publisher={Pew Research Center}
}
@unpublished{PewNewsUse2016,
    author = {Shearer, Elisa and Gottfried, Jeffrey},
    title  = {News use across social media platforms 2016},
    note   = {Dostęp zdalny (20.09.2020): \url{http://www.journalism.org/2016/05/26/news-use-across-social-media-platforms-2016}},
    year   = {2016},
    month = {05},
    day = {26},
    publisher={Pew Research Center}
}
@article{bessi2015science,
  title={Science vs conspiracy: Collective narratives in the age of misinformation},
  author={Bessi, Alessandro and Coletto, Mauro and Davidescu, George Alexandru and Scala, Antonio and Caldarelli, Guido and Quattrociocchi, Walter},
  journal={PloS one},
  volume={10},
  number={2},
  pages={e0118093},
  year={2015},
  publisher={Public Library of Science}
}
@article{shu2017fake,
  title={Fake news detection on social media: A data mining perspective},
  author={Shu, Kai and Sliva, Amy and Wang, Suhang and Tang, Jiliang and Liu, Huan},
  journal={ACM SIGKDD Explorations Newsletter},
  volume={19},
  number={1},
  pages={22--36},
  year={2017},
  publisher={ACM New York, NY, USA}
}
@inproceedings{garimella2018political,
  title={Political Discourse on Social Media},
  author={Garimella, Kiran and Morales, Gianmarco De Francisci and Gionis, Aristides and Mathioudakis, Michael and others},
  booktitle={The Web Conference},
  year={2018}
}
@article{neudertpolarization2018,
  title={Polarization, Partisanship and Junk News Consumption on Social Media During the 2018 US Midterm Elections},
  author={Neudert, Lisa-Maria and Kollanyi, Bence and Howard, Philip N},
  year={2018},
  publisher={Oxford Internet Institute}
}






















% Artykuł w recenzowanym czasopiśmie.
@article{szczypiorski2015,
    author    = "Szczypiorski, K. and Janicki, A. and Wendzel, S",
    title     = "{T}he {G}ood, {T}he {B}ad {A}nd {T}he {U}gly: {E}valuation of {W}i-{F}i {S}teganography",
    journal   = "Journal of Communications",
    volume    = "10",
    number    = "10",
    pages     = "747--752",
    publisher = "Journal of Communications (JCM)",
    year      = "2015",
}

% Książka.
@book{goossens93,
    author    = "Michel Goossens and Frank Mittelbach and Alexander Samarin",
    title     = "The LaTeX Companion",
    publisher = "Addison-Wesley",
    address   = "Reading, Massachusetts",
    year      = "1993",
}

% Fragment książki (np. zakres stron).
@inbook{wang97,
    author      = "Hao Wang",
    title       = "A Logical Journey: From G{\"o}del to Philosophy.",
    publisher   = "A Bradford Book",
    pages       = "316",
    year        = "1997"
}

% Fragment książki (np. esej), posiadający własny tytuł.
@incollection{goedel95,
    author      = "Kurt G{\"o}del",
    title       = "Texts relating to the ontological proof",
    booktitle   = "Unpublished Essays and Lectures",
    publisher   = "Oxford University Press",
    pages       = "429--437",
    year        = "1995",
}

% Publikacja konferencyjna.
@inproceedings{benzmuller2014,
    author       = "{Ch}. Benzmuller and B. W. Paleo",
    title        = "Automating {G\"o}del’s {O}ntological {P}roof of {G}od’s {E}xistence with {H}igher-order {A}utomated {T}heorem {P}rovers",
    booktitle    = "European	Conference on Artificial Intelligence",
    publisher    = "IOS Press",
    howpublished = "Dostęp zdalny (10.04.2019): \url{http://page.mi.fu-berlin.de/cbenzmueller/papers/C40.pdf}",
    year         = "2014",
}

% Raport techniczny.
@techreport{duqu2011,
    author      = "Bencsáth, B. and Pék, G. and Buttyán, L. and Félegyházi M.",
    title       = "{D}uqu: {A} {S}tuxnet-like malware found in the wild",
    institution = "Laboratory of Cryptography and System Security, Hungary",
    year        = "2011"
}

% Specyfikacja techniczna.
@manual{shs2015,
    title        = "{FIPS} 180-4: {S}ecure {H}ash {S}tandard ({SHS})",
    howpublished = "Dostęp zdalny (13.03.2019): \url{https://nvlpubs.nist.gov/nistpubs/FIPS/NIST.FIPS.180-4.pdf}",
    year         = "2015"
}

% Praca magisterska.
@mastersthesis{wozniak2018,
    author = "Woźniak, Piotr",
    title  = "{P}rogramowanie kwadratowe w usuwaniu efektu rozmycia ruchu w fotografii cyfrowej",
    school  = "Wydział Elektroniki i Technik Informacyjnych, Politechnika Warszawska",
    year   = "2018",
}

% Nieopublikowany artykuł, dostępny np. tylko w internecie.
@unpublished{koons2005,
    author = "Koons, Robert C.",
    title  = "{S}obel on {G\"o}del’s {O}ntological {P}roof",
    note   = "Dostęp zdalny (25.04.2019): \url{http://www.robkoons.net/media/69b0dd04a9d2fc6dffff80b4ffffd524.pdf}",
    year   = "2005"
}

% Źródło innego typu, np. repozytorium na GitHubie.
@misc{dcp19,
    author       = "Brodzki, Artur M.",
    title        = "{I}mplementation of own steganography protocol {DCP}-19, loosely based on {HICCUPS}",
    howpublished = "Dostęp zdalny (14.03.2019): \url{https://github.com/ArturB/DCP-19}",
    year         = "2019"
}
